<?xml version="1.0" encoding="UTF-8"?><collection xmlns="http://www.loc.gov/MARC21/slim"><record><leader>00327nam--2200133-i-4500</leader><controlfield tag="001">000026694</controlfield><controlfield tag="002">20161230</controlfield><controlfield tag="005">20161230201036</controlfield><controlfield tag="008">060222s1000------------r-----000-0-eng-d</controlfield><datafield ind1=" " ind2=" " tag="080"><subfield code="a">621.375.82/826</subfield></datafield><datafield ind1=" " ind2=" " tag="100"><subfield code="a">Klein, Arthur</subfield></datafield><datafield ind1=" " ind2=" " tag="245"><subfield code="a">Masers and lasers</subfield></datafield><datafield ind1=" " ind2=" " tag="260"><subfield code="a">Philadelphia, J.B.Lippincott Co., 1963, 184p</subfield></datafield><datafield ind1=" " ind2=" " tag="852"><subfield code="a">18135</subfield></datafield></record></collection>